<record><leader>00000cas a22000007a 4500</leader><controlfield tag="001">9447422</controlfield><controlfield tag="008">830425d19201964lauwr ne      0    0eng d</controlfield><datafield ind1=" " ind2=" " tag="010"><subfield code="a">sn 83045388 </subfield></datafield><datafield ind1=" " ind2=" " tag="040"><subfield code="a">CRL</subfield><subfield code="b">eng</subfield><subfield code="c">CRL</subfield><subfield code="d">NPW</subfield><subfield code="d">LNP</subfield><subfield code="d">CRL</subfield><subfield code="d">OCL</subfield><subfield code="d">OCLCQ</subfield></datafield><datafield ind1=" " ind2=" " tag="043"><subfield code="a">n-us-la</subfield></datafield><datafield ind1="0" ind2=" " tag="130"><subfield code="a">Shreveport sun (Shreveport, La. : 1920)</subfield></datafield><datafield ind1="1" ind2="4" tag="245"><subfield code="a">The Shreveport sun.</subfield></datafield><datafield ind1=" " ind2=" " tag="260"><subfield code="a">Shreveport, La. :</subfield><subfield code="b">Shreveport Sun,</subfield><subfield code="c">1920-</subfield></datafield><datafield ind1=" " ind2=" " tag="300"><subfield code="a">v. :</subfield><subfield code="b">ill.</subfield></datafield><datafield ind1=" " ind2=" " tag="310"><subfield code="a">Weekly</subfield></datafield><datafield ind1="1" ind2=" " tag="362"><subfield code="a">Began Oct. 6, 1920; ceased in 1964.</subfield></datafield><datafield ind1=" " ind2=" " tag="588"><subfield code="a">Description based on: Vol. 6, no. 27 (May 7, 1927).</subfield></datafield><datafield ind1=" " ind2="0" tag="650"><subfield code="a">African Americans</subfield><subfield code="z">Louisiana</subfield><subfield code="z">Shreveport</subfield><subfield code="v">Newspapers.</subfield></datafield><datafield ind1=" " ind2=" " tag="752"><subfield code="a">United States</subfield><subfield code="b">Louisiana</subfield><subfield code="c">Caddo</subfield><subfield code="d">Shreveport.</subfield></datafield><datafield ind1="0" ind2="0" tag="785"><subfield code="t">Shreveport sun and Bis news</subfield><subfield code="w">(DLC)sn 89059439</subfield><subfield code="w">(OCoLC)20606941</subfield></datafield><datafield ind1=" " ind2=" " tag="936"><subfield code="a">May 7, 1927</subfield></datafield></record>